@article{text2shape,
  author    = {Kevin Chen and
               Christopher B. Choy and
               Manolis Savva and
               Angel X. Chang and
               Thomas A. Funkhouser and
               Silvio Savarese},
  title     = {Text2Shape: Generating Shapes from Natural Language by Learning Joint
               Embeddings},
  journal   = {CoRR},
  volume    = {abs/1803.08495},
  year      = {2018},
  url       = {http://arxiv.org/abs/1803.08495},
  eprinttype = {arXiv},
  eprint    = {1803.08495},
  timestamp = {Fri, 31 Jan 2020 08:29:51 +0100},
  biburl    = {https://dblp.org/rec/journals/corr/abs-1803-08495.bib},
  bibsource = {dblp computer science bibliography, https://dblp.org}
}

@article{glide,
  author    = {Alex Nichol and
               Prafulla Dhariwal and
               Aditya Ramesh and
               Pranav Shyam and
               Pamela Mishkin and
               Bob McGrew and
               Ilya Sutskever and
               Mark Chen},
  title     = {{GLIDE:} Towards Photorealistic Image Generation and Editing with
               Text-Guided Diffusion Models},
  journal   = {CoRR},
  volume    = {abs/2112.10741},
  year      = {2021},
  url       = {https://arxiv.org/abs/2112.10741},
  eprinttype = {arXiv},
  eprint    = {2112.10741},
  timestamp = {Tue, 04 Jan 2022 15:59:27 +0100},
  biburl    = {https://dblp.org/rec/journals/corr/abs-2112-10741.bib},
  bibsource = {dblp computer science bibliography, https://dblp.org}
}

@article{structurenet,
  author    = {Kaichun Mo and
               Paul Guerrero and
               Li Yi and
               Hao Su and
               Peter Wonka and
               Niloy J. Mitra and
               Leonidas J. Guibas},
  title     = {StructureNet: Hierarchical Graph Networks for 3D Shape Generation},
  journal   = {CoRR},
  volume    = {abs/1908.00575},
  year      = {2019},
  url       = {http://arxiv.org/abs/1908.00575},
  eprinttype = {arXiv},
  eprint    = {1908.00575},
  timestamp = {Wed, 11 Nov 2020 08:48:07 +0100},
  biburl    = {https://dblp.org/rec/journals/corr/abs-1908-00575.bib},
  bibsource = {dblp computer science bibliography, https://dblp.org}
}

@article{partnet,
  author    = {Kaichun Mo and
               Shilin Zhu and
               Angel X. Chang and
               Li Yi and
               Subarna Tripathi and
               Leonidas J. Guibas and
               Hao Su},
  title     = {PartNet: {A} Large-scale Benchmark for Fine-grained and Hierarchical
               Part-level 3D Object Understanding},
  journal   = {CoRR},
  volume    = {abs/1812.02713},
  year      = {2018},
  url       = {http://arxiv.org/abs/1812.02713},
  eprinttype = {arXiv},
  eprint    = {1812.02713},
  timestamp = {Wed, 11 Nov 2020 08:48:10 +0100},
  biburl    = {https://dblp.org/rec/journals/corr/abs-1812-02713.bib},
  bibsource = {dblp computer science bibliography, https://dblp.org}
}

@article{shapenet,
  author    = {Angel X. Chang and
               Thomas A. Funkhouser and
               Leonidas J. Guibas and
               Pat Hanrahan and
               Qi{-}Xing Huang and
               Zimo Li and
               Silvio Savarese and
               Manolis Savva and
               Shuran Song and
               Hao Su and
               Jianxiong Xiao and
               Li Yi and
               Fisher Yu},
  title     = {ShapeNet: An Information-Rich 3D Model Repository},
  journal   = {CoRR},
  volume    = {abs/1512.03012},
  year      = {2015},
  url       = {http://arxiv.org/abs/1512.03012},
  eprinttype = {arXiv},
  eprint    = {1512.03012},
  timestamp = {Thu, 08 Apr 2021 11:37:55 +0200},
  biburl    = {https://dblp.org/rec/journals/corr/ChangFGHHLSSSSX15.bib},
  bibsource = {dblp computer science bibliography, https://dblp.org}
}

 @misc{aifgd, title={AI for 3D Generative Design}, url={https://blog.insightdatascience.com/ai-for-3d-generative-design-17503d0b3943}, journal={blog.insightdatascience.com}, publisher={Medium}, author={Habowski, Tyler}, year={2020}, month={Mar}}
 
 @article{bert,
  author    = {Jacob Devlin and
               Ming{-}Wei Chang and
               Kenton Lee and
               Kristina Toutanova},
  title     = {{BERT:} Pre-training of Deep Bidirectional Transformers for Language
               Understanding},
  journal   = {CoRR},
  volume    = {abs/1810.04805},
  year      = {2018},
  url       = {http://arxiv.org/abs/1810.04805},
  eprinttype = {arXiv},
  eprint    = {1810.04805},
  timestamp = {Tue, 30 Oct 2018 20:39:56 +0100},
  biburl    = {https://dblp.org/rec/journals/corr/abs-1810-04805.bib},
  bibsource = {dblp computer science bibliography, https://dblp.org}
}

@misc{clip,
  doi = {10.48550/ARXIV.2103.00020},
  
  url = {https://arxiv.org/abs/2103.00020},
  
  author = {Radford, Alec and Kim, Jong Wook and Hallacy, Chris and Ramesh, Aditya and Goh, Gabriel and Agarwal, Sandhini and Sastry, Girish and Askell, Amanda and Mishkin, Pamela and Clark, Jack and Krueger, Gretchen and Sutskever, Ilya},
  
  keywords = {Computer Vision and Pattern Recognition (cs.CV), Machine Learning (cs.LG), FOS: Computer and information sciences, FOS: Computer and information sciences},
  
  title = {Learning Transferable Visual Models From Natural Language Supervision},
  
  publisher = {arXiv},
  
  year = {2021},
  
  copyright = {arXiv.org perpetual, non-exclusive license}
}

@misc{transformer,
  doi = {10.48550/ARXIV.1706.03762},
  
  url = {https://arxiv.org/abs/1706.03762},
  
  author = {Vaswani, Ashish and Shazeer, Noam and Parmar, Niki and Uszkoreit, Jakob and Jones, Llion and Gomez, Aidan N. and Kaiser, Lukasz and Polosukhin, Illia},
  
  keywords = {Computation and Language (cs.CL), Machine Learning (cs.LG), FOS: Computer and information sciences, FOS: Computer and information sciences},
  
  title = {Attention Is All You Need},
  
  publisher = {arXiv},
  
  year = {2017},
  
  copyright = {arXiv.org perpetual, non-exclusive license}
}

@article{clipforge,
  title={CLIP-Forge: Towards Zero-Shot Text-to-Shape Generation},
  author={Aditya Sanghi and Hang Chu and J. Lambourne and Ye Wang and Chin-Yi Cheng and Marco Fumero},
  journal={ArXiv},
  year={2021},
  volume={abs/2110.02624}
}

@article{dream,
  title={Zero-Shot Text-Guided Object Generation with Dream Fields},
  author={Ajay Jain and Ben Mildenhall and Jonathan T. Barron and P. Abbeel and Ben Poole},
  journal={ArXiv},
  year={2021},
  volume={abs/2112.01455}
}


